<?xml version = "1.0" encoding = "UTF-8"?><OAI-PMH xmlns="http://www.openarchives.org/OAI/2.0/" xmlns:xsi="http://www.w3.org/2001/XMLSchema-instance" xsi:schemaLocation="http://www.openarchives.org/OAI/2.0/ http://www.openarchives.org/OAI/2.0/OAI-PMH.xsd"><ListRecords><record><header><identifier>aleph-publish:022774014</identifier></header><metadata><record xmlns="http://www.ddb.de/professionell/mabxml/mabxml-1.xsd"><leader>------M2.01200024------h</leader><controlfield tag="LDR">------M2.01200024------h</controlfield><controlfield tag="FMT">MH</controlfield><datafield tag="001" ind1="-" ind2="1"><subfield code="a">HT019965834</subfield></datafield><datafield tag="002" ind1="a" ind2="1"><subfield code="a">20190211</subfield></datafield><datafield tag="003" ind1="-" ind2="1"><subfield code="a">20190213</subfield></datafield><datafield tag="026" ind1="-" ind2="1"><subfield code="a">HBZHT019965834</subfield></datafield><controlfield tag="030">a|zur||||||17</controlfield><datafield tag="036" ind1="a" ind2="1"><subfield code="a">XA-DE</subfield></datafield><datafield tag="037" ind1="b" ind2="1"><subfield code="a">ger</subfield></datafield><controlfield tag="050">a|a|||||||||||</controlfield><controlfield tag="051">at||||||</controlfield><datafield tag="060" ind1="-" ind2="1"><subfield code="b">txt</subfield><subfield code="a">Text</subfield></datafield><datafield tag="061" ind1="-" ind2="1"><subfield code="b">n</subfield><subfield code="a">ohne Hilfsmittel zu benutzen</subfield></datafield><datafield tag="062" ind1="-" ind2="1"><subfield code="b">nc</subfield><subfield code="a">Band</subfield></datafield><datafield tag="070" ind1="-" ind2="1"><subfield code="a">6</subfield></datafield><datafield tag="070" ind1="b" ind2="1"><subfield code="a">6</subfield></datafield><datafield tag="078" ind1="n" ind2="1"><subfield code="a">NWBib-6</subfield></datafield><datafield tag="080" ind1="-" ind2="1"><subfield code="a">60</subfield></datafield><datafield tag="100" ind1="-" ind2="1"><subfield code="p">Barthels, Lisa</subfield><subfield code="9">(DE-588)1153090309</subfield></datafield><datafield tag="331" ind1="-" ind2="1"><subfield code="a">ZukunftsLAND REGIONALE 2016</subfield></datafield><datafield tag="335" ind1="-" ind2="1"><subfield code="a">innovative Formate in der Stadt- und Regionalentwicklung</subfield></datafield><datafield tag="359" ind1="-" ind2="1"><subfield code="a">Lisa Barthels</subfield></datafield><datafield tag="425" ind1="a" ind2="1"><subfield code="a">2019</subfield></datafield><datafield tag="434" ind1="-" ind2="1"><subfield code="a">Illustrationen</subfield></datafield><datafield tag="590" ind1="-" ind2="1"><subfield code="a">Raumplanung</subfield></datafield><datafield tag="594" ind1="-" ind2="1"><subfield code="a">Dortmund</subfield></datafield><datafield tag="595" ind1="-" ind2="1"><subfield code="a">Januar/Februar 2019</subfield></datafield><datafield tag="596" ind1="-" ind2="1"><subfield code="a">200 = 2019, 1 (Januar/Februar 2019), Seite 25-31</subfield></datafield><datafield tag="599" ind1="-" ind2="1"><subfield code="a">HT006930605</subfield></datafield><datafield tag="700" ind1="n" ind2="1"><subfield code="a">Westmünsterland</subfield><subfield code="0">https://nwbib.de/spatial#Q1746460</subfield></datafield><datafield tag="700" ind1="n" ind2="1"><subfield code="a">Nordrhein-Westfalen</subfield><subfield code="0">https://nwbib.de/spatial#N01</subfield></datafield><datafield tag="700" ind1="n" ind2="1"><subfield code="a">Regionalplanung</subfield><subfield code="0">https://nwbib.de/subjects#N572030</subfield></datafield><datafield tag="700" ind1="n" ind2="1"><subfield code="a">Wirtschaftsförderung</subfield><subfield code="0">https://nwbib.de/subjects#N543020</subfield></datafield><datafield tag="902" ind1="-" ind2="1"><subfield code="e">Regionale</subfield><subfield code="h">Nordrhein-Westfalen</subfield><subfield code="n">8.</subfield><subfield code="d">2016</subfield><subfield code="c">Münsterland, West</subfield><subfield code="9">(DE-588)1112476229</subfield></datafield><datafield tag="902" ind1="-" ind2="1"><subfield code="s">Regionalentwicklung</subfield><subfield code="9">(DE-588)4076605-6</subfield></datafield><datafield tag="902" ind1="-" ind2="1"><subfield code="s">Ländlicher Raum</subfield><subfield code="9">(DE-588)4034026-0</subfield></datafield><datafield tag="902" ind1="-" ind2="1"><subfield code="s">Strukturpolitik</subfield><subfield code="9">(DE-588)4066520-3</subfield></datafield><datafield tag="903" ind1="-" ind2="1"><subfield code="a">2341</subfield><subfield code="a">3241</subfield><subfield code="a">4321</subfield></datafield><controlfield tag="SYS">022774014</controlfield><datafield tag="952" ind1="-" ind2="1"><subfield code="s">Region</subfield><subfield code="x">Entwicklung</subfield></datafield><datafield tag="952" ind1="-" ind2="1"><subfield code="s">Regionale Entwicklung</subfield></datafield><datafield tag="952" ind1="-" ind2="1"><subfield code="s">Land</subfield><subfield code="h">Ländlicher Raum</subfield></datafield><datafield tag="952" ind1="-" ind2="1"><subfield code="s">Agrarraum</subfield></datafield><datafield tag="952" ind1="-" ind2="1"><subfield code="s">Ländliche Region</subfield></datafield><datafield tag="952" ind1="-" ind2="1"><subfield code="s">Ländliches Gebiet</subfield></datafield><datafield tag="952" ind1="-" ind2="1"><subfield code="s">Wirtschaftsstrukturpolitik</subfield></datafield><datafield tag="952" ind1="-" ind2="1"><subfield code="s">Wirtschaftsstruktur</subfield><subfield code="x">Strukturpolitik</subfield></datafield><datafield tag="952" ind1="-" ind2="1"><subfield code="s">Strukturförderung</subfield></datafield><datafield tag="952" ind1="-" ind2="1"><subfield code="s">Strukturförderpolitik</subfield></datafield><datafield tag="952" ind1="-" ind2="1"><subfield code="s">Strukturplanung</subfield></datafield><datafield tag="952" ind1="-" ind2="1"><subfield code="s">Wirtschaftsstrukturplanung</subfield></datafield><datafield tag="952" ind1="-" ind2="1"><subfield code="s">Wirtschaftsstruktur</subfield><subfield code="x">Strukturplanung</subfield></datafield></record></metadata></record></ListRecords></OAI-PMH>